@article{DuEtAl2021MaximumBound,
  author   = {Du, Qiang and Ju, Lili and Li, Xiao and Qiao, Zhonghua},
  title    = {Maximum bound principles for a class of semilinear parabolic
              equations and exponential time-differencing schemes},
  journal  = {SIAM Rev.},
  fjournal = {SIAM Review},
  volume   = {63},
  year     = {2021},
  number   = {2},
  pages    = {317--359},
  issn     = {0036-1445,1095-7200},
  mrclass  = {35B50 (35K55 65M06 65M12)},
  mrnumber = {4253790},
  doi      = {10.1137/19M1243750},
  url      = {https://doi.org/10.1137/19M1243750}
}